@article{webb2005,
  title={Phylomatic: tree assembly for applied phylogenetics},
  author={Webb, Campbell O and Donoghue, Michael J},
  journal={Molecular Ecology Notes},
  volume={5},
  number={1},
  pages={181--183},
  year={2005},
  publisher={Wiley Online Library}
}

@article{stodden2010,
  title={Reproducible research: Addressing the need for data and code sharing in computational science},
  author={Stodden, Victoria C},
  journal={Computing in Science \& Engineering},
  volume={12},
  number={5},
  pages={8--12},
  year={2010}
}

@article{zimmer2012,
  title={A Sharp Rise in Retractions Prompts Calls for Reform},
  author={Zimmer, Carl},
  journal={New York Times},
  URL={http://www.nytimes.com/2012/04/17/science/rise-in-scientific-journal-retractions-prompts-calls-for-reform.html?_r=0},
  year={2012}
}

@Manual{chamberlain2013,
	title = {rsnps: Interface to SNP data on the web.},
	author = {Scott Chamberlain and Kevin Ushey},
	year = {2013},
	note = {R package version 0.0.4},
	url = {https://github.com/ropensci/rsnps}
}

@Manual{winter2013,
	title = {rentrez: Entrez in R},
	author = {David Winter},
	year = {2013},
	note = {R package version 0.2.1},
	url = {https://github.com/ropensci/rentrez}
}

@Article{paradis2004,
	title = {A{PE}: analyses of phylogenetics and evolution in {R} language},
	author = {E. Paradis and J. Claude and K. Strimmer},
	journal = {Bioinformatics},
	year = {2004},
	volume = {20},
	pages = {289-290}
}

@Manual{lefeuvre2010,
	title = {BoSSA: a Bunch of Structure and Sequence Analysis},
	author = {Pierre Lefeuvre},
	year = {2010},
	note = {R package version 1.2},
	url = {http://CRAN.R-project.org/package=BoSSA}
}