@article{webb2005,
  title={Phylomatic: tree assembly for applied phylogenetics},
  author={Webb, Campbell O and Donoghue, Michael J},
  journal={Molecular Ecology Notes},
  volume={5},
  number={1},
  pages={181--183},
  year={2005},
  publisher={Wiley Online Library}
}

@article{stodden2010,
  title={Reproducible research: Addressing the need for data and code sharing in computational science},
  author={Stodden, Victoria C},
  journal={Computing in Science \& Engineering},
  volume={12},
  number={5},
  pages={8--12},
  year={2010}
}

@article{zimmer2012,
  title={A Sharp Rise in Retractions Prompts Calls for Reform},
  author={Zimmer, Carl},
  journal={New York Times},
  URL={http://www.nytimes.com/2012/04/17/science/rise-in-scientific-journal-retractions-prompts-calls-for-reform.html?_r=0},
  year={2012}
}

@Manual{chamberlain2013,
	title = {rsnps: Interface to SNP data on the web.},
	author = {Scott Chamberlain and Kevin Ushey},
	year = {2013},
	note = {R package version 0.0.4},
	url = {https://github.com/ropensci/rsnps}
}

@Manual{winter2013,
	title = {rentrez: Entrez in R},
	author = {David Winter},
	year = {2013},
	note = {R package version 0.2.1},
	url = {https://github.com/ropensci/rentrez}
}

@Article{paradis2004,
	title = {A{PE}: analyses of phylogenetics and evolution in {R} language},
	author = {E. Paradis and J. Claude and K. Strimmer},
	journal = {Bioinformatics},
	year = {2004},
	volume = {20},
	pages = {289-290}
}

@Manual{lefeuvre2010,
	title = {BoSSA: a Bunch of Structure and Sequence Analysis},
	author = {Pierre Lefeuvre},
	year = {2010},
	note = {R package version 1.2},
	url = {http://CRAN.R-project.org/package=BoSSA}
}

@article{gentleman_bioconductor:_2004,
  title = {Bioconductor: open software development for computational biology and bioinformatics},
	volume = {5},
	copyright = {2004 Gentleman et al.; licensee {BioMed} Central Ltd.},
	issn = {1465-6906},
	shorttitle = {Bioconductor},
	url = {http://genomebiology.com/2004/5/10/R80/abstract},
	doi = {10.1186/gb-2004-5-10-r80},
	language = {en},
	number = {10},
	urldate = {2013-05-17},
	journal = {Genome Biology},
	author = {Gentleman, Robert C. and Carey, Vincent J. and Bates, Douglas M. and Bolstad, Ben and Dettling, Marcel and Dudoit, Sandrine and Ellis, Byron and Gautier, Laurent and Ge, Yongchao and Gentry, Jeff and Hornik, Kurt and Hothorn, Torsten and Huber, Wolfgang and Iacus, Stefano and Irizarry, Rafael and Leisch, Friedrich and Li, Cheng and Maechler, Martin and Rossini, Anthony J. and Sawitzki, Gunther and Smith, Colin and Smyth, Gordon and Tierney, Luke and Yang, Jean {YH} and Zhang, Jianhua},
	month = sep,
	year = {2004},
	note = {{PMID:} 15461798},
	pages = {R80}
}

@article{eolgnr,
 title = {Encylopedia of Life},
 journal = {Available at \url{http://resolver.globalnames.org/}},
 date = {(Accessed on May 27 2013)}
}

@article{eol,
 title = {Encylopedia of Life},
 journal = {Available at \url{http://eol.org/}},
 date = {(Accessed on May 27 2013)}
}

@article{linnaeus,
 title = {Linnaeus},
 journal = {Available at \url{http://linnaeus.sourceforge.net/}},
 date = {(Accessed on May 27 2013)}
}

@article{ubio,
 title = {uBio - Universal Biological Indexer and Organizer},
 journal = {Available at \url{http://www.ubio.org/index.php?pagename=sample_tools}},
 date = {(Accessed on May 27 2013)}
}

@article{tnrs,
 title = {TNRS - Taxonomic Name Resolution Service},
 journal = {Available at \url{http://tnrs.iplantcollaborative.org/}},
 date = {(Accessed on May 27 2013)}
}

@article{theplantlist,
 title = {The Plant List - A working list of all plant species},
 journal = {Available at \url{http://www.theplantlist.org}},
 date = {(Accessed on May 27 2013)}
}

@article{github_taxize,
 title = {taxize on GitHub},
 journal = {Available at \url{https://github.com/ropensci/taxize_}},
 date = {(Accessed on May 27 2013)}
}

@article{taxosaurus,
 title = {Taxosaurus - The Taxonomic Thesaurus},
 journal = {Available at \url{http://taxosaurus.org/}},
 date = {(Accessed on May 27 2013)}
}

@article{opentree,
 title = {Open Tree of Life},
 journal = {Available at \url{http://blog.opentreeoflife.org/}},
 date = {(Accessed on May 27 2013)}
}

@article{wikispecies,
 title = {Wikispecies},
 journal = {Available at \url{http://species.wikimedia.org/wiki/Main_Page}},
 date = {(Accessed on May 27 2013)}
}

@article{col,
 title = {Catalogue of Life},
 journal = {Available at \url{http://www.catalogueoflife.org/}},
 date = {(Accessed on May 27 2013)}
}

@article{itis,
 title = {ITIS - Integrated Taxonomic Information Service},
 journal = {Available at \url{http://www.itis.gov/}},
 date = {(Accessed on May 27 2013)}
}

@article{x,
 title = {x},
 journal = {Available at \url{x}},
 date = {(Accessed on May 27 2013)}
}

@Book{yihui2013,
	title = {Dynamic Documents with {R} and knitr},
	author = {Yihui Xie},
	publisher = {Chapman and Hall/CRC},
	year = {2013},
	note = {ISBN 978-1482203530},
	url = {http://yihui.name/knitr/}
 }